\begin{filecontents*}{biblio.bib}
@book{hastie,
  title     = {The Elements of Statistical Learning},
  author    = {Hastie, Trevor and Tibshirani, Robert and Friedman, Jerome},
  year      = {2009},
  publisher = {Springer},
  address   = {New York}
}




@article{scikit-learn,
  title={Scikit-learn: Machine Learning in {P}ython},
  author={Pedregosa, F. and Varoquaux, G. and Gramfort, A. and Michel, V.
          and Thirion, B. and Grisel, O. and Blondel, M. and Prettenhofer, P.
          and Weiss, R. and Dubourg, V. and Vanderplas, J. and Passos, A. and
          Cournapeau, D. and Brucher, M. and Perrot, M. and Duchesnay, E.},
  journal={Journal of Machine Learning Research},
  volume={12},
  pages={2825--2830},
  year={2011}
}

@misc{wikipedia-runge,
  author = {{Wikipedia contributors}},
  title  = {Runge's phenomenon},
  year   = {2025},
  url    = {https://en.wikipedia.org/wiki/Runge%27s_phenomenon},
  note   = {Accessed 2025-09-26}
}


@misc{hj_week36,
  author = {Morten Hjorth-Jensen},
  title  = {Machine Learning: Lecture Notes -- Week 36},
  year   = {2025},
  url    = {https://compphysics.github.io/MachineLearning/doc/LectureNotes/_build/html/week36.html},
  note   = {Accessed 2025-10-12}
}

@misc{hj_week37,
  author = {Morten Hjorth-Jensen},
  title  = {Machine Learning: Lecture Notes -- Week 37},
  year   = {2025},
  url    = {https://compphysics.github.io/MachineLearning/doc/LectureNotes/_build/html/week37.html},
  note   = {Accessed 2025-10-12}
}

@misc{hj_week40,
  author = {Morten Hjorth-Jensen},
  title  = {Machine Learning: Lecture Notes -- Week 40},
  year   = {2025},
  url    = {https://compphysics.github.io/MachineLearning/doc/LectureNotes/_build/html/week40.html},
  note   = {Accessed 2025-10-12}
}


@misc{compfys38,
  author       = {Morten Hjorth-Jensen},
  title        = {Machine Learning: Lecture Notes -- Week 38},
  howpublished = {\url{https://compphysics.github.io/MachineLearning/doc/LectureNotes/_build/html/week38.html}},
  year         = {2025},
  note         = {Accessed 2025-10-12}
}

@misc{compfys39,
  author       = {Morten Hjorth-Jensen},
  title        = {Machine Learning: Lecture Notes -- Week 39},
  howpublished = {\url{https://compphysics.github.io/MachineLearning/doc/LectureNotes/_build/html/week39.html}},
  year         = {2025},
  note         = {Accessed 2025-10-12}
}

@online{hjorthjensen_ridge_lasso_2023,
  author    = {Morten Hjorth-Jensen},
  title     = {Ridge and Lasso Regression},
  year      = {2023},
  url       = {https://compphysics.github.io/MachineLearning/doc/LectureNotes/_build/html/chapter2.html#id1},
  note      = {Applied Data Analysis and Machine Learning â€” lecture notes. Accessed 2025-10-12}
}

@article{pedregosa2011scikit,
  title   = {Scikit-learn: Machine Learning in Python},
  author  = {Pedregosa, Fabian and Varoquaux, Ga{\"e}l and Gramfort, Alexandre and Michel, Vincent and Thirion, Bertrand and Grisel, Olivier and Blondel, Mathieu and Prettenhofer, Peter and Weiss, Ron and Dubourg, Vincent and Vanderplas, Jake and Passos, Alexandre and Cournapeau, David and Brucher, Matthieu and Perrot, Matthieu and Duchesnay, {\'E}douard},
  journal = {Journal of Machine Learning Research},
  volume  = {12},
  pages   = {2825--2830},
  year    = {2011}
}

@misc{hjorthjensen_optimization_notes_misc,
  author = {Hjorth-Jensen, Morten},
  title  = {Optimization and Gradient Methods},
  howpublished = {\url{https://compphysics.github.io/MachineLearning/doc/LectureNotes/_build/html/chapteroptimization.html}},
  year   = {2023},
  note   = {Accessed 2025-10-13}
}

@misc{hjorthjensen_week35_misc,
  author = {Hjorth-Jensen, Morten},
  title  = {Week 35: Introduction to Regression and Model Complexity},
  howpublished = {\url{https://compphysics.github.io/MachineLearning/doc/LectureNotes/_build/html/week35.html}},
  year   = {2023},
  note   = {Accessed 2025-10-13}
}


\end{filecontents*}

